<?xml version="1.0" encoding="UTF-8"?><collection xmlns="http://www.loc.gov/MARC21/slim"><record><leader>00556nam--2200181-i-4500</leader><controlfield tag="001">000002259</controlfield><controlfield tag="002">20161230</controlfield><controlfield tag="005">20161230201024</controlfield><controlfield tag="008">060222s1000------------r-----000-0-fre-d</controlfield><datafield ind1=" " ind2=" " tag="040"><subfield code="a">IFIN-HH</subfield></datafield><datafield ind1=" " ind2=" " tag="041"><subfield code="a">fre</subfield></datafield><datafield ind1=" " ind2=" " tag="080"><subfield code="a">539.172.1(043)</subfield></datafield><datafield ind1="1" ind2=" " tag="100"><subfield code="a">Gregoire, Christian</subfield></datafield><datafield ind1="1" ind2="0" tag="245"><subfield code="a">Evolution avec l'energie incidente des distributions isotopiques des fragments emis dansla reaction 14n + 197au</subfield><subfield code="b">These</subfield><subfield code="c">Christian rene marie gregoire</subfield></datafield><datafield ind1=" " ind2=" " tag="260"><subfield code="a">Paris</subfield><subfield code="b">Universite</subfield><subfield code="c">1979</subfield></datafield><datafield ind1=" " ind2=" " tag="300"><subfield code="a">106 P</subfield></datafield><datafield ind1=" " ind2=" " tag="852"><subfield code="a">48488</subfield><subfield code="c">539.17</subfield></datafield><datafield ind1=" " ind2=" " tag="CAT"><subfield code="a">Sys</subfield><subfield code="c">20120619</subfield><subfield code="h">105458</subfield></datafield></record></collection>